%YAML 1.1
%TAG !u! tag:unity3d.com,2011:
--- !u!1 &137892
GameObject:
  m_ObjectHideFlags: 0
  m_PrefabParentObject: {fileID: 0}
  m_PrefabInternal: {fileID: 100100000}
  serializedVersion: 4
  m_Component:
  - 4: {fileID: 437892}
  m_Layer: 0
  m_Name: Player
  m_TagString: Untagged
  m_Icon: {fileID: 0}
  m_NavMeshLayer: 0
  m_StaticEditorFlags: 0
  m_IsActive: 1
--- !u!1 &176434
GameObject:
  m_ObjectHideFlags: 1
  m_PrefabParentObject: {fileID: 0}
  m_PrefabInternal: {fileID: 100100000}
  serializedVersion: 4
  m_Component:
  - 4: {fileID: 476434}
  m_Layer: 0
  m_Name: r_feetballtip_jnt
  m_TagString: Untagged
  m_Icon: {fileID: 0}
  m_NavMeshLayer: 0
  m_StaticEditorFlags: 0
  m_IsActive: 1
--- !u!1 &176436
GameObject:
  m_ObjectHideFlags: 1
  m_PrefabParentObject: {fileID: 0}
  m_PrefabInternal: {fileID: 100100000}
  serializedVersion: 4
  m_Component:
  - 4: {fileID: 476436}
  m_Layer: 0
  m_Name: r_feetbalr_jnt
  m_TagString: Untagged
  m_Icon: {fileID: 0}
  m_NavMeshLayer: 0
  m_StaticEditorFlags: 0
  m_IsActive: 1
--- !u!1 &176438
GameObject:
  m_ObjectHideFlags: 1
  m_PrefabParentObject: {fileID: 0}
  m_PrefabInternal: {fileID: 100100000}
  serializedVersion: 4
  m_Component:
  - 4: {fileID: 476438}
  m_Layer: 0
  m_Name: r_feet_jnt
  m_TagString: Untagged
  m_Icon: {fileID: 0}
  m_NavMeshLayer: 0
  m_StaticEditorFlags: 0
  m_IsActive: 1
--- !u!1 &176440
GameObject:
  m_ObjectHideFlags: 1
  m_PrefabParentObject: {fileID: 0}
  m_PrefabInternal: {fileID: 100100000}
  serializedVersion: 4
  m_Component:
  - 4: {fileID: 476440}
  m_Layer: 0
  m_Name: r_lowerleg_jnt
  m_TagString: Untagged
  m_Icon: {fileID: 0}
  m_NavMeshLayer: 0
  m_StaticEditorFlags: 0
  m_IsActive: 1
--- !u!1 &176442
GameObject:
  m_ObjectHideFlags: 1
  m_PrefabParentObject: {fileID: 0}
  m_PrefabInternal: {fileID: 100100000}
  serializedVersion: 4
  m_Component:
  - 4: {fileID: 476442}
  m_Layer: 0
  m_Name: r_upperleg_jnt
  m_TagString: Untagged
  m_Icon: {fileID: 0}
  m_NavMeshLayer: 0
  m_StaticEditorFlags: 0
  m_IsActive: 1
--- !u!1 &176444
GameObject:
  m_ObjectHideFlags: 1
  m_PrefabParentObject: {fileID: 0}
  m_PrefabInternal: {fileID: 100100000}
  serializedVersion: 4
  m_Component:
  - 4: {fileID: 476444}
  m_Layer: 0
  m_Name: l_feetballtip_jnt
  m_TagString: Untagged
  m_Icon: {fileID: 0}
  m_NavMeshLayer: 0
  m_StaticEditorFlags: 0
  m_IsActive: 1
--- !u!1 &176446
GameObject:
  m_ObjectHideFlags: 1
  m_PrefabParentObject: {fileID: 0}
  m_PrefabInternal: {fileID: 100100000}
  serializedVersion: 4
  m_Component:
  - 4: {fileID: 476446}
  m_Layer: 0
  m_Name: l_feetball_jnt
  m_TagString: Untagged
  m_Icon: {fileID: 0}
  m_NavMeshLayer: 0
  m_StaticEditorFlags: 0
  m_IsActive: 1
--- !u!1 &176448
GameObject:
  m_ObjectHideFlags: 1
  m_PrefabParentObject: {fileID: 0}
  m_PrefabInternal: {fileID: 100100000}
  serializedVersion: 4
  m_Component:
  - 4: {fileID: 476448}
  m_Layer: 0
  m_Name: l_feet_jnt
  m_TagString: Untagged
  m_Icon: {fileID: 0}
  m_NavMeshLayer: 0
  m_StaticEditorFlags: 0
  m_IsActive: 1
--- !u!1 &176450
GameObject:
  m_ObjectHideFlags: 1
  m_PrefabParentObject: {fileID: 0}
  m_PrefabInternal: {fileID: 100100000}
  serializedVersion: 4
  m_Component:
  - 4: {fileID: 476450}
  m_Layer: 0
  m_Name: l_lowerleg_jnt
  m_TagString: Untagged
  m_Icon: {fileID: 0}
  m_NavMeshLayer: 0
  m_StaticEditorFlags: 0
  m_IsActive: 1
--- !u!1 &176452
GameObject:
  m_ObjectHideFlags: 1
  m_PrefabParentObject: {fileID: 0}
  m_PrefabInternal: {fileID: 100100000}
  serializedVersion: 4
  m_Component:
  - 4: {fileID: 476452}
  m_Layer: 0
  m_Name: l_upperleg_jnt
  m_TagString: Untagged
  m_Icon: {fileID: 0}
  m_NavMeshLayer: 0
  m_StaticEditorFlags: 0
  m_IsActive: 1
--- !u!1 &176454
GameObject:
  m_ObjectHideFlags: 1
  m_PrefabParentObject: {fileID: 0}
  m_PrefabInternal: {fileID: 100100000}
  serializedVersion: 4
  m_Component:
  - 4: {fileID: 476454}
  m_Layer: 0
  m_Name: r_thumb2tip_jnt
  m_TagString: Untagged
  m_Icon: {fileID: 0}
  m_NavMeshLayer: 0
  m_StaticEditorFlags: 0
  m_IsActive: 1
--- !u!1 &176456
GameObject:
  m_ObjectHideFlags: 1
  m_PrefabParentObject: {fileID: 0}
  m_PrefabInternal: {fileID: 100100000}
  serializedVersion: 4
  m_Component:
  - 4: {fileID: 476456}
  m_Layer: 0
  m_Name: r_thumb2_jnt
  m_TagString: Untagged
  m_Icon: {fileID: 0}
  m_NavMeshLayer: 0
  m_StaticEditorFlags: 0
  m_IsActive: 1
--- !u!1 &176458
GameObject:
  m_ObjectHideFlags: 1
  m_PrefabParentObject: {fileID: 0}
  m_PrefabInternal: {fileID: 100100000}
  serializedVersion: 4
  m_Component:
  - 4: {fileID: 476458}
  m_Layer: 0
  m_Name: r_thumb1_jnt
  m_TagString: Untagged
  m_Icon: {fileID: 0}
  m_NavMeshLayer: 0
  m_StaticEditorFlags: 0
  m_IsActive: 1
--- !u!1 &176460
GameObject:
  m_ObjectHideFlags: 1
  m_PrefabParentObject: {fileID: 0}
  m_PrefabInternal: {fileID: 100100000}
  serializedVersion: 4
  m_Component:
  - 4: {fileID: 476466}
  m_Layer: 0
  m_Name: r_fingerB2tip_jnt
  m_TagString: Untagged
  m_Icon: {fileID: 0}
  m_NavMeshLayer: 0
  m_StaticEditorFlags: 0
  m_IsActive: 1
--- !u!1 &176462
GameObject:
  m_ObjectHideFlags: 1
  m_PrefabParentObject: {fileID: 0}
  m_PrefabInternal: {fileID: 100100000}
  serializedVersion: 4
  m_Component:
  - 4: {fileID: 476468}
  m_Layer: 0
  m_Name: r_fingerB2_jnt
  m_TagString: Untagged
  m_Icon: {fileID: 0}
  m_NavMeshLayer: 0
  m_StaticEditorFlags: 0
  m_IsActive: 1
--- !u!1 &176464
GameObject:
  m_ObjectHideFlags: 1
  m_PrefabParentObject: {fileID: 0}
  m_PrefabInternal: {fileID: 100100000}
  serializedVersion: 4
  m_Component:
  - 4: {fileID: 476470}
  m_Layer: 0
  m_Name: r_fingerB1_jnt
  m_TagString: Untagged
  m_Icon: {fileID: 0}
  m_NavMeshLayer: 0
  m_StaticEditorFlags: 0
  m_IsActive: 1
--- !u!1 &176466
GameObject:
  m_ObjectHideFlags: 1
  m_PrefabParentObject: {fileID: 0}
  m_PrefabInternal: {fileID: 100100000}
  serializedVersion: 4
  m_Component:
  - 4: {fileID: 476460}
  m_Layer: 0
  m_Name: r_fingerA2tip_jnt
  m_TagString: Untagged
  m_Icon: {fileID: 0}
  m_NavMeshLayer: 0
  m_StaticEditorFlags: 0
  m_IsActive: 1
--- !u!1 &176468
GameObject:
  m_ObjectHideFlags: 1
  m_PrefabParentObject: {fileID: 0}
  m_PrefabInternal: {fileID: 100100000}
  serializedVersion: 4
  m_Component:
  - 4: {fileID: 476462}
  m_Layer: 0
  m_Name: r_fingerA2_jnt
  m_TagString: Untagged
  m_Icon: {fileID: 0}
  m_NavMeshLayer: 0
  m_StaticEditorFlags: 0
  m_IsActive: 1
--- !u!1 &176470
GameObject:
  m_ObjectHideFlags: 1
  m_PrefabParentObject: {fileID: 0}
  m_PrefabInternal: {fileID: 100100000}
  serializedVersion: 4
  m_Component:
  - 4: {fileID: 476464}
  m_Layer: 0
  m_Name: r_fingerA1_jnt
  m_TagString: Untagged
  m_Icon: {fileID: 0}
  m_NavMeshLayer: 0
  m_StaticEditorFlags: 0
  m_IsActive: 1
--- !u!1 &176472
GameObject:
  m_ObjectHideFlags: 1
  m_PrefabParentObject: {fileID: 0}
  m_PrefabInternal: {fileID: 100100000}
  serializedVersion: 4
  m_Component:
  - 4: {fileID: 476472}
  m_Layer: 0
  m_Name: r_hand_jnt
  m_TagString: Untagged
  m_Icon: {fileID: 0}
  m_NavMeshLayer: 0
  m_StaticEditorFlags: 0
  m_IsActive: 1
--- !u!1 &176474
GameObject:
  m_ObjectHideFlags: 1
  m_PrefabParentObject: {fileID: 0}
  m_PrefabInternal: {fileID: 100100000}
  serializedVersion: 4
  m_Component:
  - 4: {fileID: 476474}
  m_Layer: 0
  m_Name: r_lowerarm_jnt
  m_TagString: Untagged
  m_Icon: {fileID: 0}
  m_NavMeshLayer: 0
  m_StaticEditorFlags: 0
  m_IsActive: 1
--- !u!1 &176476
GameObject:
  m_ObjectHideFlags: 1
  m_PrefabParentObject: {fileID: 0}
  m_PrefabInternal: {fileID: 100100000}
  serializedVersion: 4
  m_Component:
  - 4: {fileID: 476476}
  m_Layer: 0
  m_Name: r_upperarm_jnt
  m_TagString: Untagged
  m_Icon: {fileID: 0}
  m_NavMeshLayer: 0
  m_StaticEditorFlags: 0
  m_IsActive: 1
--- !u!1 &176478
GameObject:
  m_ObjectHideFlags: 1
  m_PrefabParentObject: {fileID: 0}
  m_PrefabInternal: {fileID: 100100000}
  serializedVersion: 4
  m_Component:
  - 4: {fileID: 476478}
  m_Layer: 0
  m_Name: l_thumb2tip_jnt
  m_TagString: Untagged
  m_Icon: {fileID: 0}
  m_NavMeshLayer: 0
  m_StaticEditorFlags: 0
  m_IsActive: 1
--- !u!1 &176480
GameObject:
  m_ObjectHideFlags: 1
  m_PrefabParentObject: {fileID: 0}
  m_PrefabInternal: {fileID: 100100000}
  serializedVersion: 4
  m_Component:
  - 4: {fileID: 476480}
  m_Layer: 0
  m_Name: l_thumb2_jnt
  m_TagString: Untagged
  m_Icon: {fileID: 0}
  m_NavMeshLayer: 0
  m_StaticEditorFlags: 0
  m_IsActive: 1
--- !u!1 &176482
GameObject:
  m_ObjectHideFlags: 1
  m_PrefabParentObject: {fileID: 0}
  m_PrefabInternal: {fileID: 100100000}
  serializedVersion: 4
  m_Component:
  - 4: {fileID: 476482}
  m_Layer: 0
  m_Name: l_thumb1_jnt
  m_TagString: Untagged
  m_Icon: {fileID: 0}
  m_NavMeshLayer: 0
  m_StaticEditorFlags: 0
  m_IsActive: 1
--- !u!1 &176484
GameObject:
  m_ObjectHideFlags: 1
  m_PrefabParentObject: {fileID: 0}
  m_PrefabInternal: {fileID: 100100000}
  serializedVersion: 4
  m_Component:
  - 4: {fileID: 476490}
  m_Layer: 0
  m_Name: l_fingerB2tip_jnt
  m_TagString: Untagged
  m_Icon: {fileID: 0}
  m_NavMeshLayer: 0
  m_StaticEditorFlags: 0
  m_IsActive: 1
--- !u!1 &176486
GameObject:
  m_ObjectHideFlags: 1
  m_PrefabParentObject: {fileID: 0}
  m_PrefabInternal: {fileID: 100100000}
  serializedVersion: 4
  m_Component:
  - 4: {fileID: 476492}
  m_Layer: 0
  m_Name: l_fingerB2_jnt
  m_TagString: Untagged
  m_Icon: {fileID: 0}
  m_NavMeshLayer: 0
  m_StaticEditorFlags: 0
  m_IsActive: 1
--- !u!1 &176488
GameObject:
  m_ObjectHideFlags: 1
  m_PrefabParentObject: {fileID: 0}
  m_PrefabInternal: {fileID: 100100000}
  serializedVersion: 4
  m_Component:
  - 4: {fileID: 476494}
  m_Layer: 0
  m_Name: l_fingerB1_jnt
  m_TagString: Untagged
  m_Icon: {fileID: 0}
  m_NavMeshLayer: 0
  m_StaticEditorFlags: 0
  m_IsActive: 1
--- !u!1 &176490
GameObject:
  m_ObjectHideFlags: 1
  m_PrefabParentObject: {fileID: 0}
  m_PrefabInternal: {fileID: 100100000}
  serializedVersion: 4
  m_Component:
  - 4: {fileID: 476484}
  m_Layer: 0
  m_Name: l_fingerA2tip_jnt
  m_TagString: Untagged
  m_Icon: {fileID: 0}
  m_NavMeshLayer: 0
  m_StaticEditorFlags: 0
  m_IsActive: 1
--- !u!1 &176492
GameObject:
  m_ObjectHideFlags: 1
  m_PrefabParentObject: {fileID: 0}
  m_PrefabInternal: {fileID: 100100000}
  serializedVersion: 4
  m_Component:
  - 4: {fileID: 476486}
  m_Layer: 0
  m_Name: l_fingerA2_jnt
  m_TagString: Untagged
  m_Icon: {fileID: 0}
  m_NavMeshLayer: 0
  m_StaticEditorFlags: 0
  m_IsActive: 1
--- !u!1 &176494
GameObject:
  m_ObjectHideFlags: 1
  m_PrefabParentObject: {fileID: 0}
  m_PrefabInternal: {fileID: 100100000}
  serializedVersion: 4
  m_Component:
  - 4: {fileID: 476488}
  m_Layer: 0
  m_Name: l_fingerA1_jnt
  m_TagString: Untagged
  m_Icon: {fileID: 0}
  m_NavMeshLayer: 0
  m_StaticEditorFlags: 0
  m_IsActive: 1
--- !u!1 &176496
GameObject:
  m_ObjectHideFlags: 1
  m_PrefabParentObject: {fileID: 0}
  m_PrefabInternal: {fileID: 100100000}
  serializedVersion: 4
  m_Component:
  - 4: {fileID: 476496}
  m_Layer: 0
  m_Name: l_hand_jnt
  m_TagString: Untagged
  m_Icon: {fileID: 0}
  m_NavMeshLayer: 0
  m_StaticEditorFlags: 0
  m_IsActive: 1
--- !u!1 &176498
GameObject:
  m_ObjectHideFlags: 1
  m_PrefabParentObject: {fileID: 0}
  m_PrefabInternal: {fileID: 100100000}
  serializedVersion: 4
  m_Component:
  - 4: {fileID: 476498}
  m_Layer: 0
  m_Name: l_lowerarm_jnt
  m_TagString: Untagged
  m_Icon: {fileID: 0}
  m_NavMeshLayer: 0
  m_StaticEditorFlags: 0
  m_IsActive: 1
--- !u!1 &176500
GameObject:
  m_ObjectHideFlags: 1
  m_PrefabParentObject: {fileID: 0}
  m_PrefabInternal: {fileID: 100100000}
  serializedVersion: 4
  m_Component:
  - 4: {fileID: 476500}
  m_Layer: 0
  m_Name: l_upperarm_jnt
  m_TagString: Untagged
  m_Icon: {fileID: 0}
  m_NavMeshLayer: 0
  m_StaticEditorFlags: 0
  m_IsActive: 1
--- !u!1 &176502
GameObject:
  m_ObjectHideFlags: 1
  m_PrefabParentObject: {fileID: 0}
  m_PrefabInternal: {fileID: 100100000}
  serializedVersion: 4
  m_Component:
  - 4: {fileID: 476502}
  m_Layer: 0
  m_Name: headtip_jnt
  m_TagString: Untagged
  m_Icon: {fileID: 0}
  m_NavMeshLayer: 0
  m_StaticEditorFlags: 0
  m_IsActive: 1
--- !u!1 &176504
GameObject:
  m_ObjectHideFlags: 1
  m_PrefabParentObject: {fileID: 0}
  m_PrefabInternal: {fileID: 100100000}
  serializedVersion: 4
  m_Component:
  - 4: {fileID: 476504}
  m_Layer: 0
  m_Name: head_jnt
  m_TagString: Untagged
  m_Icon: {fileID: 0}
  m_NavMeshLayer: 0
  m_StaticEditorFlags: 0
  m_IsActive: 1
--- !u!1 &176506
GameObject:
  m_ObjectHideFlags: 1
  m_PrefabParentObject: {fileID: 0}
  m_PrefabInternal: {fileID: 100100000}
  serializedVersion: 4
  m_Component:
  - 4: {fileID: 476506}
  m_Layer: 0
  m_Name: chest_jnt
  m_TagString: Untagged
  m_Icon: {fileID: 0}
  m_NavMeshLayer: 0
  m_StaticEditorFlags: 0
  m_IsActive: 1
--- !u!1 &176508
GameObject:
  m_ObjectHideFlags: 1
  m_PrefabParentObject: {fileID: 0}
  m_PrefabInternal: {fileID: 100100000}
  serializedVersion: 4
  m_Component:
  - 4: {fileID: 476508}
  m_Layer: 0
  m_Name: back_jnt
  m_TagString: Untagged
  m_Icon: {fileID: 0}
  m_NavMeshLayer: 0
  m_StaticEditorFlags: 0
  m_IsActive: 1
--- !u!1 &176510
GameObject:
  m_ObjectHideFlags: 1
  m_PrefabParentObject: {fileID: 0}
  m_PrefabInternal: {fileID: 100100000}
  serializedVersion: 4
  m_Component:
  - 4: {fileID: 476510}
  m_Layer: 0
  m_Name: root_jnt
  m_TagString: Untagged
  m_Icon: {fileID: 0}
  m_NavMeshLayer: 0
  m_StaticEditorFlags: 0
  m_IsActive: 1
--- !u!1 &176512
GameObject:
  m_ObjectHideFlags: 1
  m_PrefabParentObject: {fileID: 0}
  m_PrefabInternal: {fileID: 100100000}
  serializedVersion: 4
  m_Component:
  - 4: {fileID: 476512}
  - 111: {fileID: 11176434}
  m_Layer: 0
  m_Name: ninja
  m_TagString: Untagged
  m_Icon: {fileID: 0}
  m_NavMeshLayer: 0
  m_StaticEditorFlags: 0
  m_IsActive: 1
--- !u!1 &176514
GameObject:
  m_ObjectHideFlags: 1
  m_PrefabParentObject: {fileID: 0}
  m_PrefabInternal: {fileID: 100100000}
  serializedVersion: 4
  m_Component:
  - 4: {fileID: 476514}
  - 137: {fileID: 13776434}
  m_Layer: 0
  m_Name: ninja
  m_TagString: Untagged
  m_Icon: {fileID: 0}
  m_NavMeshLayer: 0
  m_StaticEditorFlags: 0
  m_IsActive: 1
--- !u!1 &177148
GameObject:
  m_ObjectHideFlags: 1
  m_PrefabParentObject: {fileID: 0}
  m_PrefabInternal: {fileID: 100100000}
  serializedVersion: 4
  m_Component:
  - 4: {fileID: 477148}
  m_Layer: 0
  m_Name: Feet
  m_TagString: Untagged
  m_Icon: {fileID: 0}
  m_NavMeshLayer: 0
  m_StaticEditorFlags: 0
  m_IsActive: 1
--- !u!1 &194708
GameObject:
  m_ObjectHideFlags: 0
  m_PrefabParentObject: {fileID: 0}
  m_PrefabInternal: {fileID: 100100000}
  serializedVersion: 4
  m_Component:
  - 4: {fileID: 494708}
  - 61: {fileID: 6194710}
  - 50: {fileID: 5094712}
  - 114: {fileID: 11494706}
  - 114: {fileID: 11494708}
  - 61: {fileID: 6194712}
  - 114: {fileID: 11494710}
  - 114: {fileID: 11494712}
  - 114: {fileID: 11487124}
  - 114: {fileID: 11496184}
  m_Layer: 0
  m_Name: ninja
  m_TagString: Untagged
  m_Icon: {fileID: 0}
  m_NavMeshLayer: 0
  m_StaticEditorFlags: 0
  m_IsActive: 1
--- !u!4 &437892
Transform:
  m_ObjectHideFlags: 1
  m_PrefabParentObject: {fileID: 0}
  m_PrefabInternal: {fileID: 100100000}
  m_GameObject: {fileID: 137892}
  m_LocalRotation: {x: 0, y: 0, z: 0, w: 1}
  m_LocalPosition: {x: 0, y: 0, z: 0}
  m_LocalScale: {x: 1, y: 1, z: 1}
  m_Children:
  - {fileID: 494708}
  m_Father: {fileID: 0}
  m_RootOrder: 0
--- !u!4 &476434
Transform:
  m_ObjectHideFlags: 1
  m_PrefabParentObject: {fileID: 0}
  m_PrefabInternal: {fileID: 100100000}
  m_GameObject: {fileID: 176434}
  m_LocalRotation: {x: -.0696766227, y: -.703665555, z: -.0696766227, w: .703665555}
  m_LocalPosition: {x: .24948287, y: -.0163980555, z: 4.23226981e-10}
  m_LocalScale: {x: 1, y: 1, z: 1}
  m_Children: []
  m_Father: {fileID: 476436}
  m_RootOrder: 0
--- !u!4 &476436
Transform:
  m_ObjectHideFlags: 1
  m_PrefabParentObject: {fileID: 0}
  m_PrefabInternal: {fileID: 100100000}
  m_GameObject: {fileID: 176436}
  m_LocalRotation: {x: -.000633745687, y: -.00187411439, z: .0454295538, w: .998965621}
  m_LocalPosition: {x: .237858653, y: 1.01848023e-07, z: 8.88178433e-17}
  m_LocalScale: {x: 1, y: 1, z: 1}
  m_Children:
  - {fileID: 476434}
  m_Father: {fileID: 476438}
  m_RootOrder: 0
--- !u!4 &476438
Transform:
  m_ObjectHideFlags: 1
  m_PrefabParentObject: {fileID: 0}
  m_PrefabInternal: {fileID: 100100000}
  m_GameObject: {fileID: 176438}
  m_LocalRotation: {x: .745852411, y: -.647367775, z: -.131670669, w: .0853348002}
  m_LocalPosition: {x: .41817385, y: -5.77103663e-08, z: 1.48570881e-15}
  m_LocalScale: {x: 1, y: 1, z: 1}
  m_Children:
  - {fileID: 476436}
  m_Father: {fileID: 476440}
  m_RootOrder: 0
--- !u!4 &476440
Transform:
  m_ObjectHideFlags: 1
  m_PrefabParentObject: {fileID: 0}
  m_PrefabInternal: {fileID: 100100000}
  m_GameObject: {fileID: 176440}
  m_LocalRotation: {x: 1.28960238e-08, y: 4.75424144e-10, z: .0368409194, w: .999321163}
  m_LocalPosition: {x: .251980036, y: -2.24550789e-07, z: 2.74995397e-23}
  m_LocalScale: {x: 1, y: 1, z: 1}
  m_Children:
  - {fileID: 476438}
  m_Father: {fileID: 476442}
  m_RootOrder: 0
--- !u!4 &476442
Transform:
  m_ObjectHideFlags: 1
  m_PrefabParentObject: {fileID: 0}
  m_PrefabInternal: {fileID: 100100000}
  m_GameObject: {fileID: 176442}
  m_LocalRotation: {x: -.724731088, y: -.0712602511, z: .0356353745, w: .684409916}
  m_LocalPosition: {x: .0107516833, y: .181558654, z: 0}
  m_LocalScale: {x: 1, y: 1, z: 1}
  m_Children:
  - {fileID: 476440}
  m_Father: {fileID: 476510}
  m_RootOrder: 2
--- !u!4 &476444
Transform:
  m_ObjectHideFlags: 1
  m_PrefabParentObject: {fileID: 0}
  m_PrefabInternal: {fileID: 100100000}
  m_GameObject: {fileID: 176444}
  m_LocalRotation: {x: .0157985557, y: .999875188, z: 4.12071799e-08, w: -3.62861563e-08}
  m_LocalPosition: {x: -.249482557, y: .0163936485, z: -3.74728559e-09}
  m_LocalScale: {x: 1, y: 1, z: 1}
  m_Children: []
  m_Father: {fileID: 476446}
  m_RootOrder: 0
--- !u!4 &476446
Transform:
  m_ObjectHideFlags: 1
  m_PrefabParentObject: {fileID: 0}
  m_PrefabInternal: {fileID: 100100000}
  m_GameObject: {fileID: 176446}
  m_LocalRotation: {x: .00136874674, y: .00425097765, z: .0634305403, w: .997976303}
  m_LocalPosition: {x: -.238197312, y: -.00810608547, z: 2.26761609e-09}
  m_LocalScale: {x: 1, y: 1, z: 1}
  m_Children:
  - {fileID: 476444}
  m_Father: {fileID: 476448}
  m_RootOrder: 0
--- !u!4 &476448
Transform:
  m_ObjectHideFlags: 1
  m_PrefabParentObject: {fileID: 0}
  m_PrefabInternal: {fileID: 100100000}
  m_GameObject: {fileID: 176448}
  m_LocalRotation: {x: .756972313, y: -.633853316, z: -.136096075, w: .0818580836}
  m_LocalPosition: {x: -.418173075, y: -1.77635687e-16, z: 0}
  m_LocalScale: {x: 1, y: 1, z: 1}
  m_Children:
  - {fileID: 476446}
  m_Father: {fileID: 476450}
  m_RootOrder: 0
--- !u!4 &476450
Transform:
  m_ObjectHideFlags: 1
  m_PrefabParentObject: {fileID: 0}
  m_PrefabInternal: {fileID: 100100000}
  m_GameObject: {fileID: 176450}
  m_LocalRotation: {x: 0, y: 0, z: .0368409194, w: .999321163}
  m_LocalPosition: {x: -.251981705, y: -3.33066921e-17, z: 0}
  m_LocalScale: {x: 1, y: 1, z: 1}
  m_Children:
  - {fileID: 476448}
  m_Father: {fileID: 476452}
  m_RootOrder: 0
--- !u!4 &476452
Transform:
  m_ObjectHideFlags: 1
  m_PrefabParentObject: {fileID: 0}
  m_PrefabInternal: {fileID: 100100000}
  m_GameObject: {fileID: 176452}
  m_LocalRotation: {x: .0468522832, y: .681405306, z: .725610733, w: .0835515559}
  m_LocalPosition: {x: .00470738998, y: -.181815848, z: 0}
  m_LocalScale: {x: 1, y: 1, z: 1}
  m_Children:
  - {fileID: 476450}
  m_Father: {fileID: 476510}
  m_RootOrder: 1
--- !u!4 &476454
Transform:
  m_ObjectHideFlags: 1
  m_PrefabParentObject: {fileID: 0}
  m_PrefabInternal: {fileID: 100100000}
  m_GameObject: {fileID: 176454}
  m_LocalRotation: {x: .884427249, y: .163771495, z: .0857479125, w: .428502887}
  m_LocalPosition: {x: .156485349, y: -2.0699224e-06, z: 2.37890646e-07}
  m_LocalScale: {x: 1, y: 1, z: 1}
  m_Children: []
  m_Father: {fileID: 476456}
  m_RootOrder: 0
--- !u!4 &476456
Transform:
  m_ObjectHideFlags: 1
  m_PrefabParentObject: {fileID: 0}
  m_PrefabInternal: {fileID: 100100000}
  m_GameObject: {fileID: 176456}
  m_LocalRotation: {x: .813414335, y: -.0097748423, z: .113639601, w: .570392549}
  m_LocalPosition: {x: .129532829, y: -.0260634664, z: .0443771705}
  m_LocalScale: {x: 1, y: 1, z: 1}
  m_Children:
  - {fileID: 476454}
  m_Father: {fileID: 476458}
  m_RootOrder: 0
--- !u!4 &476458
Transform:
  m_ObjectHideFlags: 1
  m_PrefabParentObject: {fileID: 0}
  m_PrefabInternal: {fileID: 100100000}
  m_GameObject: {fileID: 176458}
  m_LocalRotation: {x: .517290711, y: .442838609, z: .0717240572, w: .728807211}
  m_LocalPosition: {x: .0643620118, y: .00138938508, z: -.088360399}
  m_LocalScale: {x: 1, y: 1, z: 1}
  m_Children:
  - {fileID: 476456}
  m_Father: {fileID: 476472}
  m_RootOrder: 2
--- !u!4 &476460
Transform:
  m_ObjectHideFlags: 1
  m_PrefabParentObject: {fileID: 0}
  m_PrefabInternal: {fileID: 100100000}
  m_GameObject: {fileID: 176466}
  m_LocalRotation: {x: .55401355, y: .83250773, z: 8.7718881e-09, w: 5.83747672e-09}
  m_LocalPosition: {x: .191971406, y: 7.83211931e-07, z: -1.80837262e-07}
  m_LocalScale: {x: 1, y: 1, z: 1}
  m_Children: []
  m_Father: {fileID: 476462}
  m_RootOrder: 0
--- !u!4 &476462
Transform:
  m_ObjectHideFlags: 1
  m_PrefabParentObject: {fileID: 0}
  m_PrefabInternal: {fileID: 100100000}
  m_GameObject: {fileID: 176468}
  m_LocalRotation: {x: .955958128, y: .293503106, z: -2.13484238e-16, w: -6.9533157e-16}
  m_LocalPosition: {x: .207969144, y: 5.01365207e-07, z: -2.25917802e-07}
  m_LocalScale: {x: 1, y: 1, z: 1}
  m_Children:
  - {fileID: 476460}
  m_Father: {fileID: 476464}
  m_RootOrder: 0
--- !u!4 &476464
Transform:
  m_ObjectHideFlags: 1
  m_PrefabParentObject: {fileID: 0}
  m_PrefabInternal: {fileID: 100100000}
  m_GameObject: {fileID: 176470}
  m_LocalRotation: {x: -.0123979338, y: .0924954787, z: .0895750895, w: .991598308}
  m_LocalPosition: {x: .177315429, y: -.0184739437, z: -.0335294828}
  m_LocalScale: {x: 1, y: 1, z: 1}
  m_Children:
  - {fileID: 476462}
  m_Father: {fileID: 476472}
  m_RootOrder: 0
--- !u!4 &476466
Transform:
  m_ObjectHideFlags: 1
  m_PrefabParentObject: {fileID: 0}
  m_PrefabInternal: {fileID: 100100000}
  m_GameObject: {fileID: 176460}
  m_LocalRotation: {x: .55401355, y: .83250773, z: -2.99049302e-15, w: 4.60429365e-15}
  m_LocalPosition: {x: .191971168, y: 1.44229386e-06, z: 8.34908864e-10}
  m_LocalScale: {x: 1, y: 1, z: 1}
  m_Children: []
  m_Father: {fileID: 476468}
  m_RootOrder: 0
--- !u!4 &476468
Transform:
  m_ObjectHideFlags: 1
  m_PrefabParentObject: {fileID: 0}
  m_PrefabInternal: {fileID: 100100000}
  m_GameObject: {fileID: 176462}
  m_LocalRotation: {x: .955958128, y: .293503106, z: -2.7865502e-16, w: -9.07596968e-16}
  m_LocalPosition: {x: .207969949, y: 2.41978228e-06, z: 1.01836044e-07}
  m_LocalScale: {x: 1, y: 1, z: 1}
  m_Children:
  - {fileID: 476466}
  m_Father: {fileID: 476470}
  m_RootOrder: 0
--- !u!4 &476470
Transform:
  m_ObjectHideFlags: 1
  m_PrefabParentObject: {fileID: 0}
  m_PrefabInternal: {fileID: 100100000}
  m_GameObject: {fileID: 176464}
  m_LocalRotation: {x: -.0189724304, y: -.165506586, z: .0848055035, w: .982372463}
  m_LocalPosition: {x: .177315429, y: -.0184739437, z: .0962428004}
  m_LocalScale: {x: 1, y: 1, z: 1}
  m_Children:
  - {fileID: 476468}
  m_Father: {fileID: 476472}
  m_RootOrder: 1
--- !u!4 &476472
Transform:
  m_ObjectHideFlags: 1
  m_PrefabParentObject: {fileID: 0}
  m_PrefabInternal: {fileID: 100100000}
  m_GameObject: {fileID: 176472}
  m_LocalRotation: {x: 0, y: 0, z: .061707817, w: .998094261}
  m_LocalPosition: {x: .185246378, y: -.00571733667, z: -4.10539954e-18}
  m_LocalScale: {x: 1, y: 1, z: 1}
  m_Children:
  - {fileID: 476464}
  - {fileID: 476470}
  - {fileID: 476458}
  m_Father: {fileID: 476474}
  m_RootOrder: 0
--- !u!4 &476474
Transform:
  m_ObjectHideFlags: 1
  m_PrefabParentObject: {fileID: 0}
  m_PrefabInternal: {fileID: 100100000}
  m_GameObject: {fileID: 176474}
  m_LocalRotation: {x: 0, y: 0, z: .106166415, w: .994348407}
  m_LocalPosition: {x: .284047812, y: -1.77882976e-06, z: 2.17843825e-22}
  m_LocalScale: {x: 1, y: 1, z: 1}
  m_Children:
  - {fileID: 476472}
  m_Father: {fileID: 476476}
  m_RootOrder: 0
--- !u!4 &476476
Transform:
  m_ObjectHideFlags: 1
  m_PrefabParentObject: {fileID: 0}
  m_PrefabInternal: {fileID: 100100000}
  m_GameObject: {fileID: 176476}
  m_LocalRotation: {x: .937885046, y: .346946269, z: 2.12443324e-17, w: 5.74289e-17}
  m_LocalPosition: {x: -.137308002, y: .24257879, z: -.0282955896}
  m_LocalScale: {x: 1, y: 1, z: 1}
  m_Children:
  - {fileID: 476474}
  m_Father: {fileID: 476506}
  m_RootOrder: 2
--- !u!4 &476478
Transform:
  m_ObjectHideFlags: 1
  m_PrefabParentObject: {fileID: 0}
  m_PrefabInternal: {fileID: 100100000}
  m_GameObject: {fileID: 176478}
  m_LocalRotation: {x: .884427249, y: .163771495, z: .0857479125, w: .428502887}
  m_LocalPosition: {x: -.156485319, y: -8.88178433e-17, z: -6.21724883e-16}
  m_LocalScale: {x: 1, y: 1, z: 1}
  m_Children: []
  m_Father: {fileID: 476480}
  m_RootOrder: 0
--- !u!4 &476480
Transform:
  m_ObjectHideFlags: 1
  m_PrefabParentObject: {fileID: 0}
  m_PrefabInternal: {fileID: 100100000}
  m_GameObject: {fileID: 176480}
  m_LocalRotation: {x: .813414335, y: -.0097748423, z: .113639601, w: .570392549}
  m_LocalPosition: {x: -.129532725, y: .0260634255, z: -.0443777665}
  m_LocalScale: {x: 1, y: 1, z: 1}
  m_Children:
  - {fileID: 476478}
  m_Father: {fileID: 476482}
  m_RootOrder: 0
--- !u!4 &476482
Transform:
  m_ObjectHideFlags: 1
  m_PrefabParentObject: {fileID: 0}
  m_PrefabInternal: {fileID: 100100000}
  m_GameObject: {fileID: 176482}
  m_LocalRotation: {x: .517290711, y: .442838609, z: .0717240572, w: .728807211}
  m_LocalPosition: {x: -.0643608198, y: -.00139074121, z: .0883604512}
  m_LocalScale: {x: 1, y: 1, z: 1}
  m_Children:
  - {fileID: 476480}
  m_Father: {fileID: 476496}
  m_RootOrder: 2
--- !u!4 &476484
Transform:
  m_ObjectHideFlags: 1
  m_PrefabParentObject: {fileID: 0}
  m_PrefabInternal: {fileID: 100100000}
  m_GameObject: {fileID: 176490}
  m_LocalRotation: {x: .55401355, y: .83250773, z: 8.48999453e-17, w: -1.70528528e-17}
  m_LocalPosition: {x: -.191971973, y: -2.66453536e-16, z: 0}
  m_LocalScale: {x: 1, y: 1, z: 1}
  m_Children: []
  m_Father: {fileID: 476486}
  m_RootOrder: 0
--- !u!4 &476486
Transform:
  m_ObjectHideFlags: 1
  m_PrefabParentObject: {fileID: 0}
  m_PrefabInternal: {fileID: 100100000}
  m_GameObject: {fileID: 176492}
  m_LocalRotation: {x: .955958128, y: .293503106, z: 1.79718819e-17, w: 5.85355552e-17}
  m_LocalPosition: {x: -.207969353, y: 8.88178433e-17, z: 4.44089216e-17}
  m_LocalScale: {x: 1, y: 1, z: 1}
  m_Children:
  - {fileID: 476484}
  m_Father: {fileID: 476488}
  m_RootOrder: 0
--- !u!4 &476488
Transform:
  m_ObjectHideFlags: 1
  m_PrefabParentObject: {fileID: 0}
  m_PrefabInternal: {fileID: 100100000}
  m_GameObject: {fileID: 176494}
  m_LocalRotation: {x: -.0123979338, y: .0924954787, z: .0895750895, w: .991598308}
  m_LocalPosition: {x: -.177316114, y: .01847234, z: .0335294679}
  m_LocalScale: {x: 1, y: 1, z: 1}
  m_Children:
  - {fileID: 476486}
  m_Father: {fileID: 476496}
  m_RootOrder: 0
--- !u!4 &476490
Transform:
  m_ObjectHideFlags: 1
  m_PrefabParentObject: {fileID: 0}
  m_PrefabInternal: {fileID: 100100000}
  m_GameObject: {fileID: 176484}
  m_LocalRotation: {x: .55401355, y: .83250773, z: 8.48999453e-17, w: -1.70528528e-17}
  m_LocalPosition: {x: -.191971973, y: -3.55271373e-16, z: 4.44089216e-17}
  m_LocalScale: {x: 1, y: 1, z: 1}
  m_Children: []
  m_Father: {fileID: 476492}
  m_RootOrder: 0
--- !u!4 &476492
Transform:
  m_ObjectHideFlags: 1
  m_PrefabParentObject: {fileID: 0}
  m_PrefabInternal: {fileID: 100100000}
  m_GameObject: {fileID: 176486}
  m_LocalRotation: {x: .955958128, y: .293503106, z: -1.79718819e-17, w: -5.85355552e-17}
  m_LocalPosition: {x: -.207969353, y: 0, z: 4.44089216e-17}
  m_LocalScale: {x: 1, y: 1, z: 1}
  m_Children:
  - {fileID: 476490}
  m_Father: {fileID: 476494}
  m_RootOrder: 0
--- !u!4 &476494
Transform:
  m_ObjectHideFlags: 1
  m_PrefabParentObject: {fileID: 0}
  m_PrefabInternal: {fileID: 100100000}
  m_GameObject: {fileID: 176488}
  m_LocalRotation: {x: -.0189724304, y: -.165506586, z: .0848055035, w: .982372463}
  m_LocalPosition: {x: -.177316114, y: .01847234, z: -.0962429047}
  m_LocalScale: {x: 1, y: 1, z: 1}
  m_Children:
  - {fileID: 476492}
  m_Father: {fileID: 476496}
  m_RootOrder: 1
--- !u!4 &476496
Transform:
  m_ObjectHideFlags: 1
  m_PrefabParentObject: {fileID: 0}
  m_PrefabInternal: {fileID: 100100000}
  m_GameObject: {fileID: 176496}
  m_LocalRotation: {x: 0, y: 0, z: .061707817, w: .998094261}
  m_LocalPosition: {x: -.185247108, y: .00571911596, z: 0}
  m_LocalScale: {x: 1, y: 1, z: 1}
  m_Children:
  - {fileID: 476488}
  - {fileID: 476494}
  - {fileID: 476482}
  m_Father: {fileID: 476498}
  m_RootOrder: 0
--- !u!4 &476498
Transform:
  m_ObjectHideFlags: 1
  m_PrefabParentObject: {fileID: 0}
  m_PrefabInternal: {fileID: 100100000}
  m_GameObject: {fileID: 176498}
  m_LocalRotation: {x: 0, y: 0, z: .106166415, w: .994348407}
  m_LocalPosition: {x: -.284047723, y: -8.88178433e-17, z: 0}
  m_LocalScale: {x: 1, y: 1, z: 1}
  m_Children:
  - {fileID: 476496}
  m_Father: {fileID: 476500}
  m_RootOrder: 0
--- !u!4 &476500
Transform:
  m_ObjectHideFlags: 1
  m_PrefabParentObject: {fileID: 0}
  m_PrefabInternal: {fileID: 100100000}
  m_GameObject: {fileID: 176500}
  m_LocalRotation: {x: 0, y: 0, z: .937885046, w: .346946269}
  m_LocalPosition: {x: -.137309298, y: -.242578939, z: -.0282955896}
  m_LocalScale: {x: 1, y: 1, z: 1}
  m_Children:
  - {fileID: 476498}
  m_Father: {fileID: 476506}
  m_RootOrder: 1
--- !u!4 &476502
Transform:
  m_ObjectHideFlags: 1
  m_PrefabParentObject: {fileID: 0}
  m_PrefabInternal: {fileID: 100100000}
  m_GameObject: {fileID: 176502}
  m_LocalRotation: {x: 0, y: 0, z: .707106829, w: .707106829}
  m_LocalPosition: {x: -.488804162, y: -4.18011818e-16, z: 0}
  m_LocalScale: {x: 1, y: 1, z: 1}
  m_Children: []
  m_Father: {fileID: 476504}
  m_RootOrder: 0
--- !u!4 &476504
Transform:
  m_ObjectHideFlags: 1
  m_PrefabParentObject: {fileID: 0}
  m_PrefabInternal: {fileID: 100100000}
  m_GameObject: {fileID: 176504}
  m_LocalRotation: {x: 0, y: -0, z: -0, w: 1}
  m_LocalPosition: {x: -.31119585, y: -1.73181961e-16, z: .00806627329}
  m_LocalScale: {x: 1, y: 1, z: 1}
  m_Children:
  - {fileID: 476502}
  m_Father: {fileID: 476506}
  m_RootOrder: 0
--- !u!4 &476506
Transform:
  m_ObjectHideFlags: 1
  m_PrefabParentObject: {fileID: 0}
  m_PrefabInternal: {fileID: 100100000}
  m_GameObject: {fileID: 176506}
  m_LocalRotation: {x: 0, y: 0, z: -.00831501558, w: .999965429}
  m_LocalPosition: {x: -.278689772, y: -4.78783686e-17, z: .0282955896}
  m_LocalScale: {x: 1, y: 1, z: 1}
  m_Children:
  - {fileID: 476504}
  - {fileID: 476500}
  - {fileID: 476476}
  m_Father: {fileID: 476508}
  m_RootOrder: 0
--- !u!4 &476508
Transform:
  m_ObjectHideFlags: 1
  m_PrefabParentObject: {fileID: 0}
  m_PrefabInternal: {fileID: 100100000}
  m_GameObject: {fileID: 176508}
  m_LocalRotation: {x: 0, y: -0, z: -0, w: 1}
  m_LocalPosition: {x: -.0569939278, y: .00094790908, z: 0}
  m_LocalScale: {x: 1, y: 1, z: 1}
  m_Children:
  - {fileID: 476506}
  m_Father: {fileID: 476510}
  m_RootOrder: 0
--- !u!4 &476510
Transform:
  m_ObjectHideFlags: 1
  m_PrefabParentObject: {fileID: 0}
  m_PrefabInternal: {fileID: 100100000}
  m_GameObject: {fileID: 176510}
  m_LocalRotation: {x: 0, y: 0, z: -.70120275, w: .712961912}
  m_LocalPosition: {x: .00463445904, y: .864346981, z: 0}
  m_LocalScale: {x: 1, y: 1, z: 1}
  m_Children:
  - {fileID: 476508}
  - {fileID: 476452}
  - {fileID: 476442}
  m_Father: {fileID: 476512}
  m_RootOrder: 1
--- !u!4 &476512
Transform:
  m_ObjectHideFlags: 1
  m_PrefabParentObject: {fileID: 0}
  m_PrefabInternal: {fileID: 100100000}
  m_GameObject: {fileID: 176512}
  m_LocalRotation: {x: 0, y: -.707106829, z: 0, w: .707106829}
  m_LocalPosition: {x: 0, y: 0, z: 0}
  m_LocalScale: {x: 1, y: 1, z: 1}
  m_Children:
  - {fileID: 476514}
  - {fileID: 476510}
  m_Father: {fileID: 494708}
  m_RootOrder: 1
--- !u!4 &476514
Transform:
  m_ObjectHideFlags: 1
  m_PrefabParentObject: {fileID: 0}
  m_PrefabInternal: {fileID: 100100000}
  m_GameObject: {fileID: 176514}
  m_LocalRotation: {x: 0, y: -0, z: 0, w: 1}
  m_LocalPosition: {x: 0, y: 0, z: 0}
  m_LocalScale: {x: 1, y: 1, z: 1}
  m_Children: []
  m_Father: {fileID: 476512}
  m_RootOrder: 0
--- !u!4 &477148
Transform:
  m_ObjectHideFlags: 1
  m_PrefabParentObject: {fileID: 0}
  m_PrefabInternal: {fileID: 100100000}
  m_GameObject: {fileID: 177148}
  m_LocalRotation: {x: 0, y: 0, z: 0, w: 1}
  m_LocalPosition: {x: 0, y: 0, z: 0}
  m_LocalScale: {x: 1, y: 1, z: 1}
  m_Children: []
  m_Father: {fileID: 494708}
  m_RootOrder: 0
--- !u!4 &494708
Transform:
  m_ObjectHideFlags: 1
  m_PrefabParentObject: {fileID: 0}
  m_PrefabInternal: {fileID: 100100000}
  m_GameObject: {fileID: 194708}
  m_LocalRotation: {x: 0, y: 0, z: 0, w: 1}
  m_LocalPosition: {x: 0, y: 0, z: 0}
  m_LocalScale: {x: 1, y: 1, z: 1}
  m_Children:
  - {fileID: 477148}
  - {fileID: 476512}
  m_Father: {fileID: 437892}
  m_RootOrder: 0
--- !u!50 &5094712
Rigidbody2D:
  m_ObjectHideFlags: 1
  m_PrefabParentObject: {fileID: 0}
  m_PrefabInternal: {fileID: 100100000}
  m_GameObject: {fileID: 194708}
  m_Mass: 1
  m_LinearDrag: 1
  m_AngularDrag: 0
  m_GravityScale: 2
  m_FixedAngle: 1
  m_IsKinematic: 0
  m_Interpolate: 2
  m_SleepingMode: 1
  m_CollisionDetection: 1
--- !u!61 &6194710
BoxCollider2D:
  m_ObjectHideFlags: 1
  m_PrefabParentObject: {fileID: 0}
  m_PrefabInternal: {fileID: 100100000}
  m_GameObject: {fileID: 194708}
  m_Enabled: 1
  m_Material: {fileID: 0}
  m_IsTrigger: 0
  m_Size: {x: 1.00000012, y: 2.29999995}
  m_Center: {x: 5.96046448e-08, y: 1.20000005}
--- !u!61 &6194712
BoxCollider2D:
  m_ObjectHideFlags: 1
  m_PrefabParentObject: {fileID: 0}
  m_PrefabInternal: {fileID: 100100000}
  m_GameObject: {fileID: 194708}
  m_Enabled: 1
  m_Material: {fileID: 0}
  m_IsTrigger: 1
  m_Size: {x: .970000029, y: .100000001}
  m_Center: {x: 0, y: -.00999999978}
--- !u!111 &11176434
Animation:
  m_ObjectHideFlags: 1
  m_PrefabParentObject: {fileID: 0}
  m_PrefabInternal: {fileID: 100100000}
  m_GameObject: {fileID: 176512}
  m_Enabled: 1
  serializedVersion: 3
  m_Animation: {fileID: 0}
  m_Animations:
  - {fileID: 7400000, guid: 9cf62d365fae7884f83d2ae2ec70f1dc, type: 2}
  - {fileID: 7400000, guid: 8f78d96cc2decfe4782e3be363cff130, type: 2}
  - {fileID: 7400000, guid: 02badea0f12e60d4f84d880100095cc5, type: 2}
  - {fileID: 7400000, guid: 6ce091249355a4e44a2e0e1fdf720ca9, type: 2}
  m_WrapMode: 0
  m_PlayAutomatically: 1
  m_AnimatePhysics: 0
  m_CullingType: 1
--- !u!114 &11487124
MonoBehaviour:
  m_ObjectHideFlags: 1
  m_PrefabParentObject: {fileID: 0}
  m_PrefabInternal: {fileID: 100100000}
  m_GameObject: {fileID: 194708}
  m_Enabled: 1
  m_EditorHideFlags: 0
  m_Script: {fileID: 11500000, guid: 59d503fbe87967d4ca56aab22752568a, type: 3}
  m_Name: 
  m_EditorClassIdentifier: 
  m_projectilePrefab:
  - {fileID: 11448656, guid: e4b23c94eff9a7e439c787548c3e361e, type: 2}
  - {fileID: 11448656, guid: 0231df604b69d314fa7a76b6feffabc1, type: 2}
--- !u!114 &11494706
MonoBehaviour:
  m_ObjectHideFlags: 1
  m_PrefabParentObject: {fileID: 0}
  m_PrefabInternal: {fileID: 100100000}
  m_GameObject: {fileID: 194708}
  m_Enabled: 1
  m_EditorHideFlags: 0
  m_Script: {fileID: 11500000, guid: c6c31b11cb8fbbd4388d323042868835, type: 3}
  m_Name: 
  m_EditorClassIdentifier: 
  mask:
    serializedVersion: 2
    m_Bits: 1280
  DashEffect: {fileID: 141116, guid: 738bb57ef5fb292428e1391495095bd8, type: 2}
  SpawnEffect: {fileID: 0}
  LandEffect: {fileID: 0}
  Feet: {fileID: 177148}
  mat: {fileID: 0}
  textures: []
  _downForce: 30
  _moveForce: 30
  _maxSpeed: 13
  _airMoveForce: 10
  _speedIncrease: 1
  _jumpForce: 2
  _friction: 1
  _airMoveFriction: .699999988
--- !u!114 &11494708
MonoBehaviour:
  m_ObjectHideFlags: 1
  m_PrefabParentObject: {fileID: 0}
  m_PrefabInternal: {fileID: 100100000}
  m_GameObject: {fileID: 194708}
  m_Enabled: 1
  m_EditorHideFlags: 0
  m_Script: {fileID: 11500000, guid: 160281ae8c7d63640855fc82032f885d, type: 3}
  m_Name: 
  m_EditorClassIdentifier: 
--- !u!114 &11494710
MonoBehaviour:
  m_ObjectHideFlags: 1
  m_PrefabParentObject: {fileID: 0}
  m_PrefabInternal: {fileID: 100100000}
  m_GameObject: {fileID: 194708}
  m_Enabled: 1
  m_EditorHideFlags: 0
  m_Script: {fileID: 11500000, guid: 12a5fc9f5fadd554b9f862310aafe5a7, type: 3}
  m_Name: 
  m_EditorClassIdentifier: 
  sound: {fileID: 0}
--- !u!114 &11494712
MonoBehaviour:
  m_ObjectHideFlags: 1
  m_PrefabParentObject: {fileID: 0}
  m_PrefabInternal: {fileID: 100100000}
  m_GameObject: {fileID: 194708}
  m_Enabled: 1
  m_EditorHideFlags: 0
  m_Script: {fileID: 11500000, guid: 4b496ca50d9dc484bb1632c0753fdc6d, type: 3}
  m_Name: 
  m_EditorClassIdentifier: 
  m_maxHp: 100
  m_minHp: -50
  m_minRecoverHealth: 30
  m_maxKnockoutHealth: -30
  m_recoverRate: 15
  m_ninjaTransform: {fileID: 0}
  m_hp: 0
--- !u!114 &11496184
MonoBehaviour:
  m_ObjectHideFlags: 1
  m_PrefabParentObject: {fileID: 0}
  m_PrefabInternal: {fileID: 100100000}
  m_GameObject: {fileID: 194708}
  m_Enabled: 1
  m_EditorHideFlags: 0
  m_Script: {fileID: 11500000, guid: 95ec82da8837b6e47b7681ddd83f44c8, type: 3}
  m_Name: 
  m_EditorClassIdentifier: 
  _playerId: 0
  deadzoneRadius: .200000003
--- !u!137 &13776434
SkinnedMeshRenderer:
  m_ObjectHideFlags: 1
  m_PrefabParentObject: {fileID: 0}
  m_PrefabInternal: {fileID: 100100000}
  m_GameObject: {fileID: 176514}
  m_Enabled: 1
  m_CastShadows: 1
  m_ReceiveShadows: 1
  m_LightmapIndex: 255
  m_LightmapTilingOffset: {x: 1, y: 1, z: 0, w: 0}
  m_Materials:
  - {fileID: 2100000, guid: 5777b7bb26edb0a4f9892dd3bf404b60, type: 2}
  m_SubsetIndices: 
  m_StaticBatchRoot: {fileID: 0}
  m_UseLightProbes: 0
  m_LightProbeAnchor: {fileID: 0}
  m_ScaleInLightmap: 1
  m_SortingLayerID: 0
  m_SortingOrder: 0
  serializedVersion: 2
  m_Quality: 0
  m_UpdateWhenOffscreen: 0
  m_Mesh: {fileID: 4300000, guid: 4651392946d438d4e86194fdaff319cf, type: 3}
  m_Bones:
  - {fileID: 476510}
  - {fileID: 476508}
  - {fileID: 476506}
  - {fileID: 476504}
  - {fileID: 476502}
  - {fileID: 476500}
  - {fileID: 476498}
  - {fileID: 476496}
  - {fileID: 476494}
  - {fileID: 476492}
  - {fileID: 476490}
  - {fileID: 476488}
  - {fileID: 476486}
  - {fileID: 476484}
  - {fileID: 476482}
  - {fileID: 476480}
  - {fileID: 476478}
  - {fileID: 476476}
  - {fileID: 476474}
  - {fileID: 476472}
  - {fileID: 476470}
  - {fileID: 476468}
  - {fileID: 476466}
  - {fileID: 476464}
  - {fileID: 476462}
  - {fileID: 476460}
  - {fileID: 476458}
  - {fileID: 476456}
  - {fileID: 476454}
  - {fileID: 476452}
  - {fileID: 476450}
  - {fileID: 476448}
  - {fileID: 476446}
  - {fileID: 476444}
  - {fileID: 476442}
  - {fileID: 476440}
  - {fileID: 476438}
  - {fileID: 476436}
  - {fileID: 476434}
  m_BlendShapeWeights: []
  m_RootBone: {fileID: 476510}
  m_AABB:
    m_Center: {x: -.231454372, y: -.00806587934, z: .0799658746}
    m_Extent: {x: 1.21590638, y: .752052069, z: .558458567}
  m_DirtyAABB: 0
--- !u!1001 &100100000
Prefab:
  m_ObjectHideFlags: 1
  serializedVersion: 2
  m_Modification:
    m_TransformParent: {fileID: 0}
    m_Modifications: []
    m_RemovedComponents: []
  m_ParentPrefab: {fileID: 0}
  m_RootGameObject: {fileID: 137892}
  m_IsPrefabParent: 1
  m_IsExploded: 1
